@inproceedings{OZ:2008,
 author = {Zimmermann, Olaf and Zdun, Uwe and Gschwind, Thomas and leymann, Frank},
 title = {Combining Pattern Languages and Reusable Architectural Decision Models into a Comprehensive and Comprehensible Design Method},
 booktitle = {Proceedings of the Seventh Working IEEE/IFIP Conference on Software Architecture (WICSA 2008)},
 series = {WICSA '08},
 year = {2008},
 isbn = {978-0-7695-3092-5},
 pages = {157--166},
 numpages = {10},
 url = {http://dx.doi.org/10.1109/WICSA.2008.19},
 doi = {10.1109/WICSA.2008.19},
 acmid = {1344109},
 publisher = {IEEE Computer Society},
 address = {Washington, DC, USA},
 keywords = {Architectural decisions, enterprise application development, design method, integration, pattern languages, SOA, software architecture},
},
@article{NH:2007,
 author = {Harrison, Neil B. and Avgeriou, Paris and Zdun, Uwe},
 title = {Using Patterns to Capture Architectural Decisions},
 journal = {IEEE Softw.},
 issue_date = {July 2007},
 volume = {24},
 number = {4},
 month = jul,
 year = {2007},
 issn = {0740-7459},
 pages = {38--45},
 numpages = {8},
 url = {http://dx.doi.org/10.1109/MS.2007.124},
 doi = {10.1109/MS.2007.124},
 acmid = {1435868},
 publisher = {IEEE Computer Society Press},
 address = {Los Alamitos, CA, USA},
 keywords = {architectural knowledge, decision documentation, design rationale, patterns, quality attributes, software architecture, software architecture, patterns, decision documentation, quality attributes, design rationale, architectural knowledge},
}
